Sample references file.

@article{chance2010improved,
  title={An improved high-resolution solar reference spectrum for earth's atmosphere measurements in the ultraviolet, visible, and near infrared},
  author={Chance, K and Kurucz, RL},
  journal={Journal of quantitative spectroscopy and radiative transfer},
  volume={111},
  number={9},
  pages={1289--1295},
  year={2010},
  publisher={Elsevier}
}
@article{lubcke2014bro,
  title={BrO/SO 2 molar ratios from scanning DOAS measurements in the NOVAC network},
  author={L{\"u}bcke, Peter and Bobrowski, Nicole and Arellano, S and Galle, Bo and Garz{\'o}n, G and Vogel, Leif and Platt, U},
  journal={Solid Earth},
  volume={5},
  number={1},
  pages={409},
  year={2014},
  publisher={Copernicus GmbH}
}

@misc{schmidt2015volcanism,
  title={Volcanism and global environmental change},
  author={Schmidt, Anja and Fristad, Kirsten and Elkins-Tanton, Linda T},
  year={2015},
  publisher={Cambridge University Press,}
}
@article{platt2015quantification,
  title={Quantification of volcanic reactive halogen emissions},
  author={Platt, U and Bobrowski, N},
  journal={Volcanism and Global Change, eds A. Schmidt, K. Fristad, L. Elkins-Tanton, Cambridge University Press, Cambridge, UK, ISBN},
  volume={1466525386},
  year={2015}
}
@article{schmidt2015volcanismarticle,
  title={Volcanism, the atmosphere and climate through time},
  author={Schmidt, A and Robock, A},
  journal={Volcanism Glob. Environ. Chang},
  pages={195--207},
  year={2015}
}
@article{thordarson2003atmospheric,
  title={Atmospheric and environmental effects of the 1783--1784 Laki eruption: A review and reassessment},
  author={Thordarson, Thorvaldur and Self, Stephen},
  journal={Journal of Geophysical Research: Atmospheres},
  volume={108},
  number={D1},
  year={2003},
  publisher={Wiley Online Library}
}
@article{solomon1998ozone,
  title={Ozone depletion at mid-latitudes: Coupling of volcanic aerosols and temperature variability to anthropogenic chlorine},
  author={Solomon, S and Portmann, RW and Garcia, RR and Randel, W and Wu, F and Nagatani, R and Gleason, J and Thomason, L and Poole, LR and McCormick, MP},
  journal={Geophysical research letters},
  volume={25},
  number={11},
  pages={1871--1874},
  year={1998},
  publisher={Wiley Online Library}
}
@book{schmincke2000vulkanismus,
  title={Vulkanismus},
  author={Schmincke, Hans-Ulrich},
  year={2000},
  Edition = {3},
  publisher={Wissenschaftliche Buchgesellschaft}
}
@article{platt2008differential,
  title={Differential absorption spectroscopy},
  author={Platt, Ulrich and Stutz, Jochen},
  journal={Differential Optical Absorption Spectroscopy},
  pages={135--174},
  year={2008},
  publisher={Springer}
}

@mastersthesis{WarnachSimon,
  title={Improvements of BrO and SO2 retrievals of NOVAC data - Tungurahua volcano as a case study},
  author={Warnach, Simon},
  year={2015}
}
@phdthesis{lubcke2014optical,
  title={Optical remote sensing measurements of bromine and sulphur emissions: Investigating their potential as tracers of volcanic activity},
  author={L{\"u}bcke, Peter},
  year={2014}
}
@article{galle2010network,
  title={Network for Observation of Volcanic and Atmospheric Change (NOVAC)â€”A global network for volcanic gas monitoring: Network layout and instrument description},
  author={Galle, Bo and Johansson, Mattias and Rivera, Claudia and Zhang, Yan and Kihlman, Manne and Kern, Christoph and Lehmann, Thomas and Platt, Ulrich and Arellano, Santiago and Hidalgo, Silvana},
  journal={Journal of Geophysical Research: Atmospheres},
  volume={115},
  number={D5},
  year={2010},
  publisher={Wiley Online Library}
}
@article{wagner2014cloud,
  title={Cloud detection and classification based on MAX-DOAS observations},
  author={Wagner, T and Apituley, A and Beirle, S and D{\"o}rner, S and Friess, U and Remmers, J and Shaiganfar, R},
  journal={Atmospheric Measurement Techniques},
  volume={7},
  number={5},
  pages={1289--1320},
  year={2014},
  publisher={Copernicus GmbH}
}
@article{pinardi2007influence,
  title={The influence of spectrometer temperature variability on the data retrieval of SO2},
  author={Pinardi, G and Roozendael, MV and Fayt, C},
  journal={NOVAC second annual activity report, NOVAC consortium},
  volume={44},
  pages={48},
  year={2007}
}
@misc{SKlearn,
  title = {{Python} scikit-learn.org},
  howpublished = {\url{http://scikit-learn.org/stable/modules/generated/sklearn.linear_model.LinearRegression.html}},
  note = {Accessed: 2018-01-19}
}
@misc{NOVACsite,
  title = {{NOVAC} NOVAC-Site},
  howpublished = {\url{http://www.novac-project.eu/}},
  note = {Accessed: 2018-01-29}
}

@article{perner1979detection,
  title={Detection of nitrous acid in the atmosphere by differential optical absorption},
  author={Perner, D and Platt, U},
  journal={Geophysical Research Letters},
  volume={6},
  number={12},
  pages={917--920},
  year={1979},
  publisher={Wiley Online Library}
}
@article{bussemer1993ring,
  title={Der Ring-effekt: Ursachen und einflu{\ss} auf die spektroskopische messung stratosph{\"a}rischer spurenstoffe},
  author={Bussemer, Markus},
  journal={Diplomathesis, University of Heidelberg},
  year={1993}
}
@article{solomon1987interpretation,
  title={On the interpretation of zenith sky absorption measurements},
  author={Solomon, Susan and Schmeltekopf, Arthur L and Sanders, Ryan W},
  journal={Journal of Geophysical Research: Atmospheres},
  volume={92},
  number={D7},
  pages={8311--8319},
  year={1987},
  publisher={Wiley Online Library}
}
@book{kraus2006doasis,
  title={DOASIS: A framework design for DOAS},
  author={Kraus, Stefan},
  year={2006},
  publisher={Shaker}
}


